@article{cortes,
  title={Support-vector networks},
  author={Cortes, Corinna and Vapnik, Vladimir},
  journal={Machine learning},
  volume={20},
  number={3},
  pages={273--297},
  year={1995},
  publisher={Springer}
}

@book{christianini,
  title={An Introduction to Support Vector Machines and Other Kernel-Based Learning Methods},
  author={Cristianini, Nello and Shawe-Taylor, John},
  year={2000},
  location={Cambridge},
  publisher={Cambridge University Press}
}

@book{koehn,
	title={Statistical Machine Translation},
	author={Koehn, Philipp},
	year={2010},
	location={New York},
	publisher={Cambridge University Press}
}

@book{mitchell,
  title={Machine Learning},
  author={Mitchell, Tom M.},
  year={1997},
  location={New York},
  publisher={McGraw-Hill}
}

@book{vapnik,
  title={The Nature of Statistical Learning Theory},
  author={Vapnik, Vladimir N.},
  year={2000},
  edition={2nd},
  location={New York},
  publisher={Springer-Verlag}
}

@incollection{daille,
  title={French-English terminology extraction from comparable corpora},
  author={Daille, B{\'e}atrice and Morin, Emmanuel},
  booktitle={Natural Language Processing--IJCNLP 2005},
  pages={707--718},
  year={2005},
  publisher={Springer}
}

@incollection{jagarlamudi,
  title={Extracting multilingual topics from unaligned comparable corpora},
  author={Jagarlamudi, Jagadeesh and Daum{\'e} III, Hal},
  booktitle={Advances in Information Retrieval},
  pages={444--456},
  year={2010},
  publisher={Springer}
}

@inproceedings{aker,
  title={Extracting bilingual terminologies from comparable corpora.},
  author={Aker, Ahmet and Paramita, Monica Lestari and Gaizauskas, Robert J},
  booktitle={ACL (1)},
  pages={402--411},
  year={2013}
}

@inproceedings{ananiadou,
  title={A methodology for automatic term recognition},
  author={Ananiadou, Sophia},
  booktitle={Proceedings of the 15th conference on Computational linguistics-Volume 2},
  pages={1034--1038},
  year={1994},
  organization={Association for Computational Linguistics}
}

@inproceedings{boser,
  title={A training algorithm for optimal margin classifiers},
  author={Boser, Bernhard E and Guyon, Isabelle M and Vapnik, Vladimir N},
  booktitle={Proceedings of the fifth annual workshop on Computational learning theory},
  pages={144--152},
  year={1992},
  organization={ACM}
}

@inproceedings{fujii,
  title={Term extraction from Korean corpora via Japanese},
  author={Fujii, Atsushi and Ishikawa, Tetsuya and Lee, Jong-Hyeok},
  booktitle={Proceedings of the 3rd international workshop on computational terminology},
  pages={71--74},
  year={2004}
}

@inproceedings{fung,
  title={Compiling bilingual lexicon entries from a non-parallel English-Chinese corpus},
  author={Fung, Pascale},
  year={1995},
  organization={Proceedings of the 3rd Annual Workshop on Very Large Corpora}
}

@inproceedings{lefever,
  title={Language-independent bilingual terminology extraction from a multilingual parallel corpus},
  author={Lefever, Els and Macken, Lieve and Hoste, Veronique},
  booktitle={Proceedings of the 12th Conference of the European Chapter of the Association for Computational Linguistics},
  pages={496--504},
  year={2009},
  organization={Association for Computational Linguistics}
}

@inproceedings{rapp,
  title={Identifying word translations in non-parallel texts},
  author={Rapp, Reinhard},
  booktitle={Proceedings of the 33rd annual meeting on Association for Computational Linguistics},
  pages={320--322},
  year={1995},
  organization={Association for Computational Linguistics}
}

@InProceedings{tiedemann,
  author = {JÃ¶rg Tiedemann},
  title = {Parallel Data, Tools and Interfaces in OPUS},
  booktitle = {Proceedings of the Eight International Conference on Language Resources and Evaluation (LREC'12)},
  date = {2012-05-23/2012-05-25},
  address = {Istanbul, Turkey},
  editor = {Nicoletta Calzolari (Conference Chair) and Khalid Choukri and Thierry Declerck and Mehmet Ugur Dogan and Bente Maegaard and Joseph Mariani and Jan Odijk and Stelios Piperidis},
  publisher = {European Language Resources Association (ELRA)},
  isbn = {978-2-9517408-7-7},
  language = {english}
 }

@inproceedings{tsuji,
  title={Extracting French-Japanese Word Pairs from Bilingual Corpora based on Transliteration Rules.},
  author={Tsuji, Keita and Daille, B{\'e}atrice and Kageura, Kyo},
  booktitle={LREC},
  year={2002}
}

@inproceedings{yu,
  title={Bilingual dictionary extraction from wikipedia},
  author={Yu, Kun and Tsujii, Junichi},
  booktitle={Proceedings of Machine Translation Summit XII},
  pages={379--386},
  year={2009}
}

@thesis{limanthie,
  type={Bachelor's thesis},
	title={Pembangunan Kamus Indonesia-Jepang Berdasarkan Frekuensi Pasangan Kata dari Wikipedia},
	author={Limanthie, Nikodemus Adriel},
	year={2014},
	location={Bandung: Program Studi Teknik Informatika},
  institution={Institut Teknologi Bandung},
}